<?xml version="1.0" encoding="utf-8"?>
<record xmlns="http://www.loc.gov/MARC21/slim" xmlns:xsi="http://www.w3.org/2001/XMLSchema-instance" xsi:schemaLocation="http://www.loc.gov/MARC21/slim http://www.loc.gov/standards/marcxml/schema/MARC21slim.xsd">
	<leader>     nam a22     Mi 4500</leader>
	<controlfield tag="001">981842</controlfield>
	<controlfield tag="003">NjP</controlfield>
	<controlfield tag="006">m        d        </controlfield>
	<controlfield tag="007">cr cn |||m|||a</controlfield>
	<controlfield tag="008">200505s1838    ua      o     000 0 ara d</controlfield>
	<datafield ind1=" " ind2=" " tag="040">
		<subfield code="a">ZYU</subfield>
		<subfield code="b">ara</subfield>
		<subfield code="e">rda</subfield>
		<subfield code="c">ZYU</subfield>
	</datafield>
	<datafield ind1="1" ind2="4" tag="050">
		<subfield code="a">GB53</subfield>
		<subfield code="b">.L3512 1838</subfield>
	</datafield>
	<datafield ind1="1" ind2=" " tag="100">
		<subfield code="6">880-01</subfield>
		<subfield code="a">Lamouroux,</subfield>
		<subfield code="c">M.</subfield>
		<subfield code="q">(Jean Vincent Félix),</subfield>
		<subfield code="d">1779-1825.</subfield>
	</datafield>
	<datafield ind1="1" ind2="0" tag="240">
		<subfield code="a">Résumé d'un cours élémentaire de géographie physique.</subfield>
		<subfield code="l">Arabic</subfield>
	</datafield>
	<datafield ind1="1" ind2="3" tag="245">
		<subfield code="6">880-02</subfield>
		<subfield code="a">al-Dirāsah al-awwalīyah fī al-jughrāfiyā al-ṭabīʻīyah /</subfield>
		<subfield code="c">[allafahu Fīliks Lāmrūs ; mutarjimuhu Aḥmad al-Rashīdī].</subfield>
	</datafield>
	<datafield ind1=" " ind2=" " tag="260">
		<subfield code="6">880-03</subfield>
		<subfield code="a">Būlāq :</subfield>
		<subfield code="b">Dār al-Ṭibāʻah al-ʻĀmirah,</subfield>
		<subfield code="c">1254 [1838]</subfield>
	</datafield>
	<datafield ind1=" " ind2=" " tag="300">
		<subfield code="a">online resource (8, 236 pages)</subfield>
	</datafield>
	<datafield ind1=" " ind2=" " tag="336">
		<subfield code="a">text</subfield>
		<subfield code="2">rdacontent</subfield>
	</datafield>
	<datafield ind1=" " ind2=" " tag="337">
		<subfield code="a">computer</subfield>
		<subfield code="2">rdamedia</subfield>
	</datafield>
	<datafield ind1=" " ind2=" " tag="338">
		<subfield code="a">online resource</subfield>
		<subfield code="2">rdacarrier</subfield>
	</datafield>
	<datafield ind1=" " ind2=" " tag="500">
		<subfield code="a">Caption title.</subfield>
	</datafield>
	<datafield ind1=" " ind2=" " tag="500">
		<subfield code="a">Part of the Arabic Collections Online (ACO) project, contributed by Princeton University Libraries.</subfield>
	</datafield>
	<datafield ind1=" " ind2=" " tag="533">
		<subfield code="a">Electronic reproduction.</subfield>
		<subfield code="b">New York, N.Y. :</subfield>
		<subfield code="c">New York University,</subfield>
		<subfield code="d">2020.</subfield>
		<subfield code="5">NNU</subfield>
	</datafield>
	<datafield ind1=" " ind2="0" tag="650">
		<subfield code="a">Physical geography.</subfield>
	</datafield>
	<datafield ind1=" " ind2="7" tag="650">
		<subfield code="a">Physical geography.</subfield>
		<subfield code="2">fast</subfield>
		<subfield code="0">(OCoLC)fst01062647</subfield>
	</datafield>
	<datafield ind1="1" ind2=" " tag="700">
		<subfield code="6">880-04</subfield>
		<subfield code="a">Rash⁻id⁻i, Aḥmad ibn Ḥasan,</subfield>
		<subfield code="d">-1865 or 1866.</subfield>
	</datafield>
	<datafield ind1="2" ind2=" " tag="710">
		<subfield code="a">Princeton University.</subfield>
		<subfield code="b">Library.</subfield>
	</datafield>
	<datafield ind1="0" ind2=" " tag="730">
		<subfield code="a">Arabic Collections Online.</subfield>
	</datafield>
	<datafield ind1="0" ind2="8" tag="776">
		<subfield code="i">Online version:</subfield>
		<subfield code="a">Lamouroux, M. (Jean Vincent Félix), 1779-1825.</subfield>
		<subfield code="s">Résumé d'un cours élémentaire de géographie physique. Arabic.</subfield>
		<subfield code="t">Dirāsah al-awwalīyah fī al-jughrāfiyā al-ṭabīʻīyah.</subfield>
		<subfield code="d">B⁻ul⁻aq : D⁻ar al-Ṭib⁻aʻah al-ʻ⁻Amirah, 1254 [1838]</subfield>
		<subfield code="w">(OCoLC)656673293</subfield>
	</datafield>
	<datafield ind1="0" ind2="8" tag="776">
		<subfield code="i">Print version:</subfield>
		<subfield code="a">Lamouroux, M. (Jean Vincent Félix), 1779-1825.</subfield>
		<subfield code="t">al-Dirāsah al-awwalīyah fī al-jughrāfiyā al-ṭabīʻīyah</subfield>
		<subfield code="w">(NjP)981842</subfield>
		<subfield code="w">(OCoLC)32787937</subfield>
	</datafield>
	<datafield ind1="4" ind2="1" tag="856">
		<subfield code="3">Internet Archive, UNC Chapel Hill copy</subfield>
		<subfield code="u">https://archive.org/details/aldirasahalawwal00lamo</subfield>
	</datafield>
	<datafield ind1="4" ind2="0" tag="856">
		<subfield code="u">http://hdl.handle.net/2333.1/zkh18kw0</subfield>
	</datafield>
	<datafield ind1="1" ind2=" " tag="880">
		<subfield code="6">100-01</subfield>
		<subfield code="a">لامروس، فيلكس،</subfield>
		<subfield code="d">1779-1825.</subfield>
	</datafield>
	<datafield ind1="1" ind2="2" tag="880">
		<subfield code="6">245-02</subfield>
		<subfield code="a">الدراسة الاولية في الجغرافيا الطبيعية /</subfield>
		<subfield code="c">[الفه فيلكس لامروس ؛ مترجمه احمد الرشيدي].</subfield>
	</datafield>
	<datafield ind1=" " ind2=" " tag="880">
		<subfield code="6">260-03</subfield>
		<subfield code="a">بولاق :</subfield>
		<subfield code="b">دار الطباعة العامرة،</subfield>
		<subfield code="c">1254 [1838]</subfield>
	</datafield>
	<datafield ind1="1" ind2=" " tag="880">
		<subfield code="6">700-04</subfield>
		<subfield code="a">رشيدي، احمد بن حسن.</subfield>
	</datafield>
	<datafield ind1=" " ind2=" " tag="959">
		<subfield code="a">NNU</subfield>
		<subfield code="b">WEB</subfield>
		<subfield code="c">GENI</subfield>
		<subfield code="t">0</subfield>
		<subfield code="m">Electronic access</subfield>
		<subfield code="s">01</subfield>
	</datafield>
	<datafield ind1=" " ind2=" " tag="999">
		<subfield code="i">NjP_981842</subfield>
		<subfield code="o">(OCoLC)ocm32787937</subfield>
		<subfield code="s">princeton_aco004213:</subfield>
		<subfield code="e">(ERROR-880)</subfield>
		<subfield code="s">princeton_aco004213:</subfield>
	</datafield>
</record>
